@article{samuel1959some,
  title={Some studies in machine learning using the game of checkers},
  author={Samuel, Arthur L},
  journal={IBM Journal of research and development},
  volume={3},
  number={3},
  pages={210--229},
  year={1959},
  publisher={IBM}
}
@article{tibshirani1996regression,
  title={Regression shrinkage and selection via the lasso},
  author={Tibshirani, Robert},
  journal={Journal of the Royal Statistical Society: Series B (Methodological)},
  volume={58},
  number={1},
  pages={267--288},
  year={1996},
  publisher={Wiley Online Library}
}
@article{mccullagh81nelder,
  title={Nelder. JA (1989), Generalized Linear Models},
  author={McCullagh, P},
  journal={CRC Monographs on Statistics \& Applied Probability, Springer Verlag, New York},
  year={81}
}
@article{alom2018history,
  title={The history began from alexnet: A comprehensive survey on deep learning approaches},
  author={Alom, Md Zahangir and Taha, Tarek M and Yakopcic, Christopher and Westberg, Stefan and Sidike, Paheding and Nasrin, Mst Shamima and Van Esesn, Brian C and Awwal, Abdul A S and Asari, Vijayan K},
  journal={arXiv preprint arXiv:1803.01164},
  year={2018}
}
@inproceedings{krizhevsky2012imagenet,
  title={Imagenet classification with deep convolutional neural networks},
  author={Krizhevsky, Alex and Sutskever, Ilya and Hinton, Geoffrey E},
  booktitle={Advances in neural information processing systems},
  pages={1097--1105},
  year={2012}
}
@article{ILSVRC15,
Author = {Olga Russakovsky and Jia Deng and Hao Su and Jonathan Krause and Sanjeev Satheesh and Sean Ma and Zhiheng Huang and Andrej Karpathy and Aditya Khosla and Michael Bernstein and Alexander C. Berg and Li Fei-Fei},
Title = {{ImageNet Large Scale Visual Recognition Challenge}},
Year = {2015},
journal   = {International Journal of Computer Vision (IJCV)},
doi = {10.1007/s11263-015-0816-y},
volume={115},
number={3},
pages={211-252}
}
@book{Goodfellow-et-al-2016,
    title={Deep Learning},
    author={Ian Goodfellow and Yoshua Bengio and Aaron Courville},
    publisher={MIT Press},
    note={\url{http://www.deeplearningbook.org}},
    year={2016}
}
@incollection{fukushima1982neocognitron,
  title={Neocognitron: A self-organizing neural network model for a mechanism of visual pattern recognition},
  author={Fukushima, Kunihiko and Miyake, Sei},
  booktitle={Competition and cooperation in neural nets},
  pages={267--285},
  year={1982},
  publisher={Springer}
}
@article{lecun1998gradient,
  title={Gradient-based learning applied to document recognition},
  author={LeCun, Yann and Bottou, L{\'e}on and Bengio, Yoshua and Haffner, Patrick},
  journal={Proceedings of the IEEE},
  volume={86},
  number={11},
  pages={2278--2324},
  year={1998},
  publisher={Ieee}
}
@article{hornik1989multilayer,
  title={Multilayer feedforward networks are universal approximators.},
  author={Hornik, Kurt and Stinchcombe, Maxwell and White, Halbert and others},
  journal={Neural networks},
  volume={2},
  number={5},
  pages={359--366},
  year={1989}
}
@article{cybenko1989approximation,
  title={Approximation by superpositions of a sigmoidal function},
  author={Cybenko, George},
  journal={Mathematics of control, signals and systems},
  volume={2},
  number={4},
  pages={303--314},
  year={1989},
  publisher={Springer}
}
@article{rumelhart1986learning,
  title={Learning representations by back-propagating errors},
  author={Rumelhart, David E and Hinton, Geoffrey E and Williams, Ronald J},
  journal={nature},
  volume={323},
  number={6088},
  pages={533},
  year={1986},
  publisher={Nature Publishing Group}
}
@article{cauchy1847methode,
  title={M{\'e}thode g{\'e}n{\'e}rale pour la r{\'e}solution des systemes dâ€™{\'e}quations simultan{\'e}es},
  author={Cauchy, Augustin},
  journal={Comp. Rend. Sci. Paris},
  volume={25},
  number={1847},
  pages={536--538},
  year={1847}
}
@article{wilson2003general,
  title={The general inefficiency of batch training for gradient descent learning},
  author={Wilson, D Randall and Martinez, Tony R},
  journal={Neural networks},
  volume={16},
  number={10},
  pages={1429--1451},
  year={2003},
  publisher={Elsevier}
}
@article{goodfellow2014qualitatively,
  title={Qualitatively characterizing neural network optimization problems},
  author={Goodfellow, Ian J and Vinyals, Oriol and Saxe, Andrew M},
  journal={arXiv preprint arXiv:1412.6544},
  year={2014}
}
@inproceedings{pascanu2013difficulty,
  title={On the difficulty of training recurrent neural networks},
  author={Pascanu, Razvan and Mikolov, Tomas and Bengio, Yoshua},
  booktitle={International conference on machine learning},
  pages={1310--1318},
  year={2013}
}
@article{rumelhart1986learning,
  title={Learning representations by back-propagating errors},
  author={Rumelhart, David E and Hinton, Geoffrey E and Williams, Ronald J},
  journal={nature},
  volume={323},
  number={6088},
  pages={533},
  year={1986},
  publisher={Nature Publishing Group}
}
@inproceedings{maas2013rectifier,
  title={Rectifier nonlinearities improve neural network acoustic models},
  author={Maas, Andrew L and Hannun, Awni Y and Ng, Andrew Y},
  booktitle={Proc. icml},
  volume={30},
  number={1},
  pages={3},
  year={2013}
}
@inproceedings{dugas2001incorporating,
  title={Incorporating second-order functional knowledge for better option pricing},
  author={Dugas, Charles and Bengio, Yoshua and B{\'e}lisle, Fran{\c{c}}ois and Nadeau, Claude and Garcia, Ren{\'e}},
  booktitle={Advances in neural information processing systems},
  pages={472--478},
  year={2001}
}
@article{polyak1964some,
  title={Some methods of speeding up the convergence of iteration methods},
  author={Polyak, Boris T},
  journal={USSR Computational Mathematics and Mathematical Physics},
  volume={4},
  number={5},
  pages={1--17},
  year={1964},
  publisher={Elsevier}
}
@inproceedings{mikolov2013distributed,
  title={Distributed representations of words and phrases and their compositionality},
  author={Mikolov, Tomas and Sutskever, Ilya and Chen, Kai and Corrado, Greg S and Dean, Jeff},
  booktitle={Advances in neural information processing systems},
  pages={3111--3119},
  year={2013}
}
@inproceedings{nesterov1983method,
  title={A method for solving the convex programming problem with convergence rate O (1/k\^{} 2)},
  author={Nesterov, Yurii E},
  booktitle={Dokl. akad. nauk Sssr},
  volume={269},
  pages={543--547},
  year={1983}
}
@inproceedings{bengio2013advances,
  title={Advances in optimizing recurrent networks},
  author={Bengio, Yoshua and Boulanger-Lewandowski, Nicolas and Pascanu, Razvan},
  booktitle={2013 IEEE International Conference on Acoustics, Speech and Signal Processing},
  pages={8624--8628},
  year={2013},
  organization={IEEE}
}
@article{duchi2011adaptive,
  title={Adaptive subgradient methods for online learning and stochastic optimization.},
  author={Duchi, John and Hazan, Elad and Singer, Yoram},
  journal={Journal of machine learning research},
  volume={12},
  number={7},
  year={2011}
}
@article{hinton2012neural,
  title={Neural networks for machine learning lecture 6a overview of mini-batch gradient descent},
  author={Hinton, Geoffrey and Srivastava, Nitish and Swersky, Kevin},
  journal={Cited on},
  volume={14},
  number={8},
  year={2012}
}
@article{zeiler2012adadelta,
  title={Adadelta: an adaptive learning rate method},
  author={Zeiler, Matthew D},
  journal={arXiv preprint arXiv:1212.5701},
  year={2012}
}
@article{kingma2014adam,
  title={Adam: A method for stochastic optimization},
  author={Kingma, Diederik P and Ba, Jimmy},
  journal={arXiv preprint arXiv:1412.6980},
  year={2014}
}
@article{bishop1995regularization,
  title={Regularization and complexity control in feed-forward networks},
  author={Bishop, Christopher M},
  year={1995},
  publisher={EC2 et Cie}
}
@article{sjoberg1995overtraining,
  title={Overtraining, regularization and searching for a minimum, with application to neural networks},
  author={Sj{\"o}berg, Jonas and Ljung, Lennart},
  journal={International Journal of Control},
  volume={62},
  number={6},
  pages={1391--1407},
  year={1995},
  publisher={Taylor \& Francis}
}
@article{srivastava2014dropout,
  title={Dropout: a simple way to prevent neural networks from overfitting},
  author={Srivastava, Nitish and Hinton, Geoffrey and Krizhevsky, Alex and Sutskever, Ilya and Salakhutdinov, Ruslan},
  journal={The journal of machine learning research},
  volume={15},
  number={1},
  pages={1929--1958},
  year={2014},
  publisher={JMLR. org}
}
@inproceedings{nair2010rectified,
  title={Rectified linear units improve restricted boltzmann machines},
  author={Nair, Vinod and Hinton, Geoffrey E},
  booktitle={ICML},
  year={2010}
}
@article{ioffe2015batch,
  title={Batch normalization: Accelerating deep network training by reducing internal covariate shift},
  author={Ioffe, Sergey and Szegedy, Christian},
  journal={arXiv preprint arXiv:1502.03167},
  year={2015}
}
@article{ba2016layer,
  title={Layer normalization},
  author={Ba, Jimmy Lei and Kiros, Jamie Ryan and Hinton, Geoffrey E},
  journal={arXiv preprint arXiv:1607.06450},
  year={2016}
}
@article{ulyanov2016instance,
  title={Instance normalization: The missing ingredient for fast stylization},
  author={Ulyanov, Dmitry and Vedaldi, Andrea and Lempitsky, Victor},
  journal={arXiv preprint arXiv:1607.08022},
  year={2016}
}
@inproceedings{wu2018group,
  title={Group normalization},
  author={Wu, Yuxin and He, Kaiming},
  booktitle={Proceedings of the European conference on computer vision (ECCV)},
  pages={3--19},
  year={2018}
}
@incollection{holschneider1990real,
  title={A real-time algorithm for signal analysis with the help of the wavelet transform},
  author={Holschneider, Matthias and Kronland-Martinet, Richard and Morlet, Jean and Tchamitchian, Ph},
  booktitle={Wavelets},
  pages={286--297},
  year={1990},
  publisher={Springer}
}
@inproceedings{huang2017densely,
  title={Densely connected convolutional networks},
  author={Huang, Gao and Liu, Zhuang and Van Der Maaten, Laurens and Weinberger, Kilian Q},
  booktitle={Proceedings of the IEEE conference on computer vision and pattern recognition},
  pages={4700--4708},
  year={2017}
}
@inproceedings{lin2014microsoft,
  title={Microsoft coco: Common objects in context},
  author={Lin, Tsung-Yi and Maire, Michael and Belongie, Serge and Hays, James and Perona, Pietro and Ramanan, Deva and Doll{\'a}r, Piotr and Zitnick, C Lawrence},
  booktitle={European conference on computer vision},
  pages={740--755},
  year={2014},
  organization={Springer}
}
@article{howard2017mobilenets,
  title={Mobilenets: Efficient convolutional neural networks for mobile vision applications},
  author={Howard, Andrew G and Zhu, Menglong and Chen, Bo and Kalenichenko, Dmitry and Wang, Weijun and Weyand, Tobias and Andreetto, Marco and Adam, Hartwig},
  journal={arXiv preprint arXiv:1704.04861},
  year={2017}
}
@inproceedings{hu2018squeeze,
  title={Squeeze-and-excitation networks},
  author={Hu, Jie and Shen, Li and Sun, Gang},
  booktitle={Proceedings of the IEEE conference on computer vision and pattern recognition},
  pages={7132--7141},
  year={2018}
}
@article{he2015spatial,
  title={Spatial pyramid pooling in deep convolutional networks for visual recognition},
  author={He, Kaiming and Zhang, Xiangyu and Ren, Shaoqing and Sun, Jian},
  journal={IEEE transactions on pattern analysis and machine intelligence},
  volume={37},
  number={9},
  pages={1904--1916},
  year={2015},
  publisher={IEEE}
}
@article{simonyan2014very,
  title={Very deep convolutional networks for large-scale image recognition},
  author={Simonyan, Karen and Zisserman, Andrew},
  journal={arXiv preprint arXiv:1409.1556},
  year={2014}
}
@incollection{lecun1999object,
  title={Object recognition with gradient-based learning},
  author={LeCun, Yann and Haffner, Patrick and Bottou, L{\'e}on and Bengio, Yoshua},
  booktitle={Shape, contour and grouping in computer vision},
  pages={319--345},
  year={1999},
  publisher={Springer}
}
@article{lecun1989backpropagation,
  title={Backpropagation applied to handwritten zip code recognition},
  author={LeCun, Yann and Boser, Bernhard and Denker, John S and Henderson, Donnie and Howard, Richard E and Hubbard, Wayne and Jackel, Lawrence D},
  journal={Neural computation},
  volume={1},
  number={4},
  pages={541--551},
  year={1989},
  publisher={MIT Press}
}
@inproceedings{szegedy2015going,
  title={Going deeper with convolutions},
  author={Szegedy, Christian and Liu, Wei and Jia, Yangqing and Sermanet, Pierre and Reed, Scott and Anguelov, Dragomir and Erhan, Dumitru and Vanhoucke, Vincent and Rabinovich, Andrew},
  booktitle={Proceedings of the IEEE conference on computer vision and pattern recognition},
  pages={1--9},
  year={2015}
}
@inproceedings{he2016deep,
  title={Deep residual learning for image recognition},
  author={He, Kaiming and Zhang, Xiangyu and Ren, Shaoqing and Sun, Jian},
  booktitle={Proceedings of the IEEE conference on computer vision and pattern recognition},
  pages={770--778},
  year={2016}
}
@article{zagoruyko2016wide,
  title={Wide residual networks},
  author={Zagoruyko, Sergey and Komodakis, Nikos},
  journal={arXiv preprint arXiv:1605.07146},
  year={2016}
}
@inproceedings{han2017deep,
  title={Deep pyramidal residual networks},
  author={Han, Dongyoon and Kim, Jiwhan and Kim, Junmo},
  booktitle={Computer Vision and Pattern Recognition (CVPR), 2017 IEEE Conference on},
  pages={6307--6315},
  year={2017},
  organization={IEEE}
}
@inproceedings{li2019understanding,
  title={Understanding the disharmony between dropout and batch normalization by variance shift},
  author={Li, Xiang and Chen, Shuo and Hu, Xiaolin and Yang, Jian},
  booktitle={Proceedings of the IEEE conference on computer vision and pattern recognition},
  pages={2682--2690},
  year={2019}
}
@article{van2017l2,
  title={L2 regularization versus batch and weight normalization},
  author={Van Laarhoven, Twan},
  journal={arXiv preprint arXiv:1706.05350},
  year={2017}
}
@inproceedings{hoffer2018norm,
  title={Norm matters: efficient and accurate normalization schemes in deep networks},
  author={Hoffer, Elad and Banner, Ron and Golan, Itay and Soudry, Daniel},
  booktitle={Advances in Neural Information Processing Systems},
  pages={2160--2170},
  year={2018}
}
@inproceedings{huang2017densely,
  title={Densely connected convolutional networks},
  author={Huang, Gao and Liu, Zhuang and Van Der Maaten, Laurens and Weinberger, Kilian Q},
  booktitle={Proceedings of the IEEE conference on computer vision and pattern recognition},
  pages={4700--4708},
  year={2017}
}
@article{tan2019efficientnet,
  title={Efficientnet: Rethinking model scaling for convolutional neural networks},
  author={Tan, Mingxing and Le, Quoc V},
  journal={arXiv preprint arXiv:1905.11946},
  year={2019}
}
@inproceedings{howard2019searching,
  title={Searching for mobilenetv3},
  author={Howard, Andrew and Sandler, Mark and Chu, Grace and Chen, Liang-Chieh and Chen, Bo and Tan, Mingxing and Wang, Weijun and Zhu, Yukun and Pang, Ruoming and Vasudevan, Vijay and others},
  booktitle={Proceedings of the IEEE International Conference on Computer Vision},
  pages={1314--1324},
  year={2019}
}
@inproceedings{sandler2018mobilenetv2,
  title={Mobilenetv2: Inverted residuals and linear bottlenecks},
  author={Sandler, Mark and Howard, Andrew and Zhu, Menglong and Zhmoginov, Andrey and Chen, Liang-Chieh},
  booktitle={Proceedings of the IEEE conference on computer vision and pattern recognition},
  pages={4510--4520},
  year={2018}
}
@inproceedings{howard2019searching,
  title={Searching for mobilenetv3},
  author={Howard, Andrew and Sandler, Mark and Chu, Grace and Chen, Liang-Chieh and Chen, Bo and Tan, Mingxing and Wang, Weijun and Zhu, Yukun and Pang, Ruoming and Vasudevan, Vijay and others},
  booktitle={Proceedings of the IEEE International Conference on Computer Vision},
  pages={1314--1324},
  year={2019}
}
@inproceedings{long2015fully,
  title={Fully convolutional networks for semantic segmentation},
  author={Long, Jonathan and Shelhamer, Evan and Darrell, Trevor},
  booktitle={Proceedings of the IEEE conference on computer vision and pattern recognition},
  pages={3431--3440},
  year={2015}
}
@article{badrinarayanan2017segnet,
  title={Segnet: A deep convolutional encoder-decoder architecture for image segmentation},
  author={Badrinarayanan, Vijay and Kendall, Alex and Cipolla, Roberto},
  journal={IEEE transactions on pattern analysis and machine intelligence},
  volume={39},
  number={12},
  pages={2481--2495},
  year={2017},
  publisher={IEEE}
}
@inproceedings{ronneberger2015u,
  title={U-net: Convolutional networks for biomedical image segmentation},
  author={Ronneberger, Olaf and Fischer, Philipp and Brox, Thomas},
  booktitle={International Conference on Medical image computing and computer-assisted intervention},
  pages={234--241},
  year={2015},
  organization={Springer}
}
@inproceedings{zhao2017pyramid,
  title={Pyramid scene parsing network},
  author={Zhao, Hengshuang and Shi, Jianping and Qi, Xiaojuan and Wang, Xiaogang and Jia, Jiaya},
  booktitle={Proceedings of the IEEE conference on computer vision and pattern recognition},
  pages={2881--2890},
  year={2017}
}
@article{chen2017deeplab,
  title={Deeplab: Semantic image segmentation with deep convolutional nets, atrous convolution, and fully connected crfs},
  author={Chen, Liang-Chieh and Papandreou, George and Kokkinos, Iasonas and Murphy, Kevin and Yuille, Alan L},
  journal={IEEE transactions on pattern analysis and machine intelligence},
  volume={40},
  number={4},
  pages={834--848},
  year={2017},
  publisher={IEEE}
}
@article{chen2017deeplab,
  title={Deeplab: Semantic image segmentation with deep convolutional nets, atrous convolution, and fully connected crfs},
  author={Chen, Liang-Chieh and Papandreou, George and Kokkinos, Iasonas and Murphy, Kevin and Yuille, Alan L},
  journal={IEEE transactions on pattern analysis and machine intelligence},
  volume={40},
  number={4},
  pages={834--848},
  year={2017},
  publisher={IEEE}
}
@article{chen2014semantic,
  title={Semantic image segmentation with deep convolutional nets and fully connected crfs},
  author={Chen, Liang-Chieh and Papandreou, George and Kokkinos, Iasonas and Murphy, Kevin and Yuille, Alan L},
  journal={arXiv preprint arXiv:1412.7062},
  year={2014}
}
@article{marks2013mri,
  title={MRI--ultrasound fusion for guidance of targeted prostate biopsy},
  author={Marks, Leonard and Young, Shelena and Natarajan, Shyam},
  journal={Current opinion in urology},
  volume={23},
  number={1},
  pages={43},
  year={2013},
  publisher={NIH Public Access}
}
@article{shoji2015manually,
  title={Manually controlled targeted prostate biopsy with real-time fusion imaging of multiparametric magnetic resonance imaging and transrectal ultrasound: An early experience},
  author={Shoji, Sunao and Hiraiwa, Shinichiro and Endo, Jun and Hashida, Kazunobu and Tomonaga, Tetsuro and Nakano, Mayura and Sugiyama, Tomoko and Tajiri, Takuma and Terachi, Toshiro and Uchida, Toyoaki},
  journal={International Journal of Urology},
  volume={22},
  number={2},
  pages={173--178},
  year={2015},
  publisher={Wiley Online Library}
}
@article{majkowska2020chest,
  title={Chest radiograph interpretation with deep learning models: assessment with radiologist-adjudicated reference standards and population-adjusted evaluation},
  author={Majkowska, Anna and Mittal, Sid and Steiner, David F and Reicher, Joshua J and McKinney, Scott Mayer and Duggan, Gavin E and Eswaran, Krish and Cameron Chen, Po-Hsuan and Liu, Yun and Kalidindi, Sreenivasa Raju and others},
  journal={Radiology},
  volume={294},
  number={2},
  pages={421--431},
  year={2020},
  publisher={Radiological Society of North America}
}
@article{ding2019deep,
  title={A deep learning model to predict a diagnosis of Alzheimer disease by using 18F-FDG PET of the brain},
  author={Ding, Yiming and Sohn, Jae Ho and Kawczynski, Michael G and Trivedi, Hari and Harnish, Roy and Jenkins, Nathaniel W and Lituiev, Dmytro and Copeland, Timothy P and Aboian, Mariam S and Mari Aparici, Carina and others},
  journal={Radiology},
  volume={290},
  number={2},
  pages={456--464},
  year={2019},
  publisher={Radiological Society of North America}
}
@article{varadarajan2018deep,
  title={Deep learning for predicting refractive error from retinal fundus images},
  author={Varadarajan, Avinash V and Poplin, Ryan and Blumer, Katy and Angermueller, Christof and Ledsam, Joe and Chopra, Reena and Keane, Pearse A and Corrado, Greg S and Peng, Lily and Webster, Dale R},
  journal={Investigative ophthalmology \& visual science},
  volume={59},
  number={7},
  pages={2861--2868},
  year={2018},
  publisher={The Association for Research in Vision and Ophthalmology}
}
@article{shao2014transfer,
  title={Transfer learning for visual categorization: A survey},
  author={Shao, Ling and Zhu, Fan and Li, Xuelong},
  journal={IEEE transactions on neural networks and learning systems},
  volume={26},
  number={5},
  pages={1019--1034},
  year={2014},
  publisher={IEEE}
}
@article{pan2009survey,
  title={A survey on transfer learning},
  author={Pan, Sinno Jialin and Yang, Qiang},
  journal={IEEE Transactions on knowledge and data engineering},
  volume={22},
  number={10},
  pages={1345--1359},
  year={2009},
  publisher={IEEE}
}
@inproceedings{zhu2011heterogeneous,
  title={Heterogeneous transfer learning for image classification.},
  author={Zhu, Yin and Chen, Yuqiang and Lu, Zhongqi and Pan, Sinno Jialin and Xue, Gui-Rong and Yu, Yong and Yang, Qiang},
  booktitle={AAAI},
  volume={11},
  pages={1304--1309},
  year={2011}
}
@article{zhang2017transfer,
  title={Transfer learning for cross-dataset recognition: a survey},
  author={Zhang, Jing and Li, Wanqing and Ogunbona, Philip},
  journal={arXiv preprint arXiv:1705.04396},
  year={2017}
}
@article{litjens2017survey,
  title={A survey on deep learning in medical image analysis},
  author={Litjens, Geert and Kooi, Thijs and Bejnordi, Babak Ehteshami and Setio, Arnaud Arindra Adiyoso and Ciompi, Francesco and Ghafoorian, Mohsen and Van Der Laak, Jeroen Awm and Van Ginneken, Bram and S{\'a}nchez, Clara I},
  journal={Medical image analysis},
  volume={42},
  pages={60--88},
  year={2017},
  publisher={Elsevier}
}
@inproceedings{goodfellow2014generative,
  title={Generative adversarial nets},
  author={Goodfellow, Ian and Pouget-Abadie, Jean and Mirza, Mehdi and Xu, Bing and Warde-Farley, David and Ozair, Sherjil and Courville, Aaron and Bengio, Yoshua},
  booktitle={Advances in neural information processing systems},
  pages={2672--2680},
  year={2014}
}
@inproceedings{raghu2019transfusion,
  title={Transfusion: Understanding transfer learning for medical imaging},
  author={Raghu, Maithra and Zhang, Chiyuan and Kleinberg, Jon and Bengio, Samy},
  booktitle={Advances in neural information processing systems},
  pages={3347--3357},
  year={2019}
}
@article{wang2018deep,
  title={Deep visual domain adaptation: A survey},
  author={Wang, Mei and Deng, Weihong},
  journal={Neurocomputing},
  volume={312},
  pages={135--153},
  year={2018},
  publisher={Elsevier}
}
@inproceedings{fu2011motion,
  title={Motion tracking and strain map computation for quasi-static magnetic resonance elastography},
  author={Fu, YB and Chui, Chee-Kong and Teo, Chee Leong and Kobayashi, Etsuko},
  booktitle={International Conference on Medical Image Computing and Computer-Assisted Intervention},
  pages={428--435},
  year={2011},
  organization={Springer}
}
@inproceedings{chandrashekara2003construction,
  title={Construction of a statistical model for cardiac motion analysis using nonrigid image registration},
  author={Chandrashekara, Raghavendra and Rao, Anil and Sanchez-Ortiz, Gerardo Ivar and Mohiaddin, Raad H and Rueckert, Daniel},
  booktitle={Biennial International Conference on Information Processing in Medical Imaging},
  pages={599--610},
  year={2003},
  organization={Springer}
}
@article{velec2011effect,
  title={Effect of breathing motion on radiotherapy dose accumulation in the abdomen using deformable registration},
  author={Velec, Michael and Moseley, Joanne L and Eccles, Cynthia L and Craig, Tim and Sharpe, Michael B and Dawson, Laura A and Brock, Kristy K},
  journal={International Journal of Radiation Oncology* Biology* Physics},
  volume={80},
  number={1},
  pages={265--272},
  year={2011},
  publisher={Elsevier}
}
@misc{viergever2016survey,
  title={A survey of medical image registration--under review},
  author={Viergever, Max A and Maintz, JB Antoine and Klein, Stefan and Murphy, Keelin and Staring, Marius and Pluim, Josien PW},
  year={2016},
  publisher={Elsevier}
}
@article{maintz1998survey,
  title={A survey of medical image registration},
  author={Maintz, JB Antoine and Viergever, Max A},
  journal={Medical image analysis},
  volume={2},
  number={1},
  pages={1--36},
  year={1998},
  publisher={Elsevier}
}
@article{saeed1998magnetic,
  title={Magnetic resonance image segmentation using pattern recognition, and applied to image registration and quantitation},
  author={Saeed, N},
  journal={NMR in Biomedicine: An International Journal Devoted to the Development and Application of Magnetic Resonance In Vivo},
  volume={11},
  number={4-5},
  pages={157--167},
  year={1998},
  publisher={Wiley Online Library}
}
@article{hara2016spect,
  title={SPECT/CT and MR image registration for 123I-FP-CIT imaging},
  author={Hara, Takeshi and Takeda, Yuta and Zhou, Xiangrong and Matsusako, Masaki and Tanaka, Yuki and Katafuchi, Tetsuro and Fujita, Hiroshi},
  journal={Journal of Nuclear Medicine},
  volume={57},
  number={supplement 2},
  pages={1936--1936},
  year={2016},
  publisher={Soc Nuclear Med}
}
@book{lunsford2012modern,
  title={Modern stereotactic neurosurgery},
  author={Lunsford, L Dade},
  volume={1},
  year={2012},
  publisher={Springer Science \& Business Media}
}
@article{van1995automatic,
  title={Automatic registration of CT and MR brain images using correlation of geometrical features},
  author={Van den Elsen, Petra A and Maintz, JB Antoine and Pol, E-JD and Viergever, Max A},
  journal={IEEE Transactions on Medical Imaging},
  volume={14},
  number={2},
  pages={384--396},
  year={1995},
  publisher={IEEE}
}
@article{evans1996correlative,
  title={Correlative analysis of three-dimensional brain images},
  author={Evans, Alan C and Collins, DL and Neelin, P and Marrett, TS},
  journal={Computer-integrated surgery, Technology and clinical applications},
  pages={99--114},
  year={1996}
}
@article{uenohara1995vision,
  title={Vision-based object registration for real-time image overlay},
  author={Uenohara, Michihiro and Kanade, Takeo},
  journal={Computers in Biology and Medicine},
  volume={25},
  number={2},
  pages={249--260},
  year={1995},
  publisher={Elsevier}
}
@article{zhao1993registration,
  title={Registration and three-dimensional reconstruction of autoradiographic images by the disparity analysis method},
  author={Zhao, Weizhao and Young, Tzay Y and Ginsberg, Myron D},
  journal={IEEE Transactions on medical imaging},
  volume={12},
  number={4},
  pages={782--791},
  year={1993},
  publisher={IEEE}
}
@article{andersson1995method,
  title={A Method for Coregistrationof PET and MR Brain Images},
  author={Andersson, Jesper LR and Sundin, Anders and Valind, Sven},
  year={1995}
}
@article{haskins2020deep,
  title={Deep learning in medical image registration: a survey},
  author={Haskins, Grant and Kruger, Uwe and Yan, Pingkun},
  journal={Machine Vision and Applications},
  volume={31},
  number={1},
  pages={8},
  year={2020},
  publisher={Springer}
}
@article{csurka2017domain,
  title={Domain adaptation for visual applications: A comprehensive survey},
  author={Csurka, Gabriela},
  journal={arXiv preprint arXiv:1702.05374},
  year={2017}
}